@article{Pomerantz_Peek_2016, title={Fifty shades of open}, volume={21}, url={https://journals.uic.edu/ojs/index.php/fm/article/view/6360}, DOI={10.5210/fm.v21i5.6360}
, number={5}, journal={First Monday}, author={Pomerantz, Jeffrey and Peek, Robin}, year={2016}, month={Apr.} }

@article{byzantine-generals-problem,
    author = {Lamport, Leslie and Shostak, Robert and Pease, Marshall},
    title = {The Byzantine Generals Problem},
    year = {1982},
    url = {https://www.microsoft.com/en-us/research/publication/byzantine-generals-problem/},
    pages = {382-401},
    journal = {ACM Transactions on Programming Languages and Systems},
    volume = {4/3},
}

@report{uk-gov-report,
    author = {UK Government Chief Scientific Adviser},
    title = {Distributed Ledger Technology: beyond block chain},
    institution = {Government Office for Science},
    url = {"https://assets.publishing.service.gov.uk/government/uploads/system/uploads/attachment_data/file/492972/gs-16-1-distributed-ledger-technology.pdf"},
    year = {2016},
}

@article{eu-parl-paper,
  author =       "{Philip Boucher, Susana Nascimento, Mihalis Kritikos}",
  title =        {How blockchain technology could change our lives},
  url = {https://publications.europa.eu/en/publication-detail/-/publication/9964fbfd-6141-11e7-8dc1-01aa75ed71a1},
  year =         "2018",
  isbn = {"978-92-846-0549-1"},
  DOI = {10.2861/926645},
}

@report{cnr-digital-archives,
  author =       "{Clara Bacciu, Angelica Lo Duca, Andrea Marchetti}",
  title =        {The Use of Blockchain for Digital Archives: Challenges and Perspectives},
  year =         "2018",
}

@article{Haber91howto,
    author = {Stuart Haber and W. Scott Stornetta},
    title = {How to Time-stamp a Digital Document},
    journal = {Journal of Cryptology},
    year = {1991},
    volume = {3},
    pages = {99--111}
}

@book{Kurose:2012:CNT:2584507,
 author = {Kurose, James F. and Ross, Keith W.},
 title = {Computer Networking: A Top-Down Approach (6th Edition)},
 year = {2012},
 isbn = {0132856204, 9780132856201},
 edition = {6th},
 publisher = {Pearson},
}

@inbook {Kurose:2012History,
 author = {Kurose, James F. and Ross, Keith W.},
 title = {Computer Networking: A Top-Down Approach (6th Edition)},
 year = {2012},
 isbn = {0132856204, 9780132856201},
 edition = {6th},
 pages = {64-66},
 publisher = {Pearson},
}

@online{oreilly,
    author = "Tim O'Reilly",
    title = "What Is Web 2.0",
    url  = "https://www.oreilly.com/pub/a/web2/archive/what-is-web-20.html",
}

@book{latexcompanion,
    author    = "Michel Goossens and Frank Mittelbach and Alexander Samarin",
    title     = "The \LaTeX\ Companion",
    year      = "1993",
    publisher = "Addison-Wesley",
    address   = "Reading, Massachusetts"
}
 
@online{knuthwebsite,
    author = "Donald Knuth",
    title = "Knuth: Computers and Typesetting",
    url  = "http://www-cs-faculty.stanford.edu/~uno/abcde.html",
    addendum = "(Visitato: 01.09.2016)",
    keywords = "latex,knuth"
}

@online{chainskills,
    author = "Sebastien Arbogast, Said Eloudrhiri",
    title = "What qualifies as a blockchain",
    url  = "http://chainskills.com/2016/11/21/what-qualifies-as-a-blockchain/",
    addendum = "(Visitato: 10.11.2018)",
}

@online{Nakamoto_bitcoin:a,
    author = {Satoshi Nakamoto},
    title = {Bitcoin: A peer-to-peer electronic cash system,” http://bitcoin.org/bitcoin.pdf},
    year = {2008}
}

@online{LeslieMail:a,
    author = {Leslie Lamport},
    title = {distribution,” https://www.microsoft.com/en-us/research/uploads/prod/2016/12/Distribution.pdf},
    year = {1987}
}

@online{Ethereum,
    title = "Ethereum Blockchain App Platform",
    url  = "https://www.ethereum.org/",
}

@online{vitalButerinDecent,
    author = "Vitalik Buterin",
    title = "The Meaning of Decentralization",
    url  = "https://medium.com/@VitalikButerin/the-meaning-of-decentralization-a0c92b76a274",
    addendum = "(Visitato: 20.08.2018)",
}

@online{jsDocs,
    title = "ECMAScript® 2015 Language Specification",
    url  = "http://www.ecma-international.org/ecma-262/6.0/index.html",
    addendum = "(Visitato: 10.11.2018)",
}

@article{SzaboDigCurr,
	author = {Nick Szabo},
	title = {Contracts with Bearer},
	year = {1997},
	url = {https://nakamotoinstitute.org/contracts-with-bearer/},
}

@article{SzaboSmartContract,
	author = {Nick Szabo},
	title = {Smart Contracts},
	year = {1994},
	url = {http://www.fon.hum.uva.nl/rob/Courses/InformationInSpeech/CDROM/Literature/LOTwinterschool2006/szabo.best.vwh.net/smart.contracts.html},
}


@online{genesisBitc,
    title = "Bitcoin, blocco genesis",
    url  = "https://blockexplorer.com/block/000000000019d6689c085ae165831e934ff763ae46a2a6c172b3f1b60a8ce26f",
}

@online{genesisEth,
    title = "Ethereum, blocco genesis",
    url  = "https://etherscan.io/block/0f",
}

@online{sha2Wiki,
    title = "SHA2 - Funzioni di Hash",
    url  = "https://en.wikipedia.org/wiki/SHA-2",
    addendum = "(Visitato: 10.11.2018)",

}

@online{sha3Wiki,
    title = "SHA3 - Funzioni di Hash",
    url  = "https://en.wikipedia.org/wiki/SHA-3",
    addendum = "(Visitato: 10.11.2018)",
}

@online{wikiCloudComp,
    title = "Cloud Computing - Servizi",
    url  = "https://en.wikipedia.org/wiki/Cloud_computing#Service_models",
    addendum = "(Visitato: 10.11.2018)",
}

@online{hashExample,
    title = "Esempio del calcolo di SHA256 - Generatore Hash",
    url  = "https://passwordsgenerator.net/sha256-hash-generator/",
}

@online{ethWhitepaper,
    title = "Whitepaper Ethereum - Merkle Trees",
    url  = "https://github.com/ethereum/wiki/wiki/White-Paper#merkle-trees",
}

@online{ethYellowpaper,
    title = "Yellowpaper Ethereum",
    url  = "https://ethereum.github.io/yellowpaper/paper.pdf",
}

@online{gart,
    title = "Gartner - Società di consulenza nel campo dell'Information Technology ",
    url  = "https://www.gartner.com/en",
}

@online{gart2016,
    title = "Gartner - Hype Cycle for Emerging Technologies, 2016",
    url  = "https://www.gartner.com/newsroom/id/3412017",
}

@online{gart2018,
    title = "Gartner - Hype Cycle for Emerging Technologies, 2018",
    url  = "https://www.gartner.com/smarterwithgartner/5-trends-emerge-in-gartner-hype-cycle-for-emerging-technologies-2018/"
}

@online{rippleMain,
    title = "Ripple: Blockchain ",
    url  = "https://ripple.com/"
}

@online{rippleStrategy,
    title = "Ripple: Strategia di decentralizzazione",
    url  = "https://ripple.com/dev-blog/decentralization-strategy-update/"
}

@online{btcAttacchi1,
    title = "Bitcoin: Attacco della maggiornaza (majority attack)",
    url  = "https://en.bitcoin.it/wiki/Majority_attack",
    addendum = "(Visitato: 10.11.2018)",
}

@online{btcAttacchi2,
    title = "Bitcoin: Tentativi di modifica della storia della rete",
    url  = "https://en.bitcoin.it/wiki/Weaknesses#Attacker_has_a_lot_of_computing_power",
    addendum = "(Visitato: 10.11.2018)",
    
}

@online{btcSicurezza,
    title = "Bitcoin: Attacchi e prevenzione della doppia spesa",
    url  = "https://en.bitcoin.it/wiki/Irreversible_Transactions",
    addendum = "(Visitato: 10.11.2018)",
}

@article{btcEnergy,
  author =       "{Alex de Vries}",
  title =        {Bitcoin's Growing Energy Problem},
  url = {https://www.cell.com/joule/fulltext/S2542-4351(18)30177-6},
  year =         "05.2018",
  addendum = "(Visitato: 10.11.2018)",
  DOI = {https://doi.org/10.1016/j.joule.2018.04.0165},
}

@online{wikiAsymEncrypt,
    title = "Crittografia Asimmetrica - Asymmetric Encryption",
    url  = "https://en.wikipedia.org/wiki/Public-key_cryptography",
}

@online{wikiDigSign,
    title = "Firme digitali - Digital signature",
    url  = "https://en.wikipedia.org/wiki/Digital_signature",
}

@online{wikiGameTheory,
    title = "Teoria dei giochi - Game theory",
    url  = "https://en.wikipedia.org/wiki/Game_theory",
}

@online{visaThroughput,
    title = "Throughput - Visa",
    url  = "https://usa.visa.com/run-your-business/small-business-tools/retail.html"
}

@online{trilemmaScalab,
    title = "Trilemma scalability",
    url  = "https://github.com/ethereum/wiki/wiki/Sharding-FAQs#this-sounds-like-theres-some-kind-of-scalability-trilemma-at-play-what-is-this-trilemma-and-can-we-break-through-it"
}

@online{censorship,
    title = "Censura nelle blockchain",
    url  = "https://blog.ethereum.org/2015/06/06/the-problem-of-censorship/"
}

@online{rippleProtocol,
    title = "Whitepaper Ripple - sistema di consenso",
    url  = "https://ripple.com/files/ripple_consensus_whitepaper.pdf"
}

@online{ethWhitepaperTx,
    title = "Whitepaper Ethereum - transazioni",
    url  = "https://github.com/ethereum/wiki/wiki/White-Paper#messages-and-transactions"
}

@online{wikidistrComp,
    title = "Calcolo distribuito - distributed computing",
    url  = "https://en.wikipedia.org/wiki/Distributed_computing",
    addendum = "(Visitato: 10.11.2018)",
}

@online{kickstarter,
    title = "Kickstarter - servizio di finanziamento collettivo",
    url  = "https://en.wikipedia.org/wiki/Kickstarter",
    addendum = "(Visitato: 10.11.2018)",
}

@online{solidity,
    title = "Solidity - linguaggio di programmazione di smart contracts",
    url  = "https://solidity.readthedocs.io"
}

@online{wikiSandbox,
    title = "Sandbox - Sicurezza informatica",
    url  = "https://en.wikipedia.org/wiki/Sandbox_(computer_security)",
    addendum = "(Visitato: 10.11.2018)",
}

@online{wikiJVM,
    title = "Java Virtual Machine",
    url  = "https://en.wikipedia.org/wiki/Java_virtual_machine",
    addendum = "(Visitato: 10.11.2018)",
}

@online{remix,
    title = "Remix - Solidity IDE",
    url  = "https://remix.ethereum.org/"
}

@online{opcode,
    title = "EVM - Lista opcodes",
    url  = "https://ethervm.io/#opcodes"
}

@online{etherUnits,
    title = "Ether conversioni",
    url  = "http://ethdocs.org/en/latest/ether.html"
}

@online{ipfsWhitepaper,
    title = "IPFS - Whitepaper (Draft 3)",
    url  = "https://ipfs.io/ipfs/QmR7GSQM93Cx5eAg6a6yRzNde1FQv7uL6X1o4k7zrJa3LX/ipfs.draft3.pdf"
}

@online{sia,
    title = "Sia - Decentralized Cloud Storage",
    url  = "https://sia.tech/"
}
@online{storj,
    title = "Storj - Decentralized Cloud Storage",
    url  = "https://storj.io/"
}
@online{bigchainDB,
    title = "BigchainDB - Blockchain Database",
    url  = "https://www.bigchaindb.com/"
}
@online{Swarm,
    title = "Swarm - Distributed Storage Platform",
    url  = "https://swarm-guide.readthedocs.io/en/latest/introduction.html"
}

@online{ipfs,
    title = "IPFS - Distributed Web",
    url  = "https://ipfs.io/"
}

@online{wikiDHT,
    title = "DHT - Distributed Hash Table",
    url  = "https://en.wikipedia.org/wiki/Distributed_hash_table",
    addendum = "(Visitato: 10.11.2018)",
}

@online{filecoin,
    title = "Filecoin - Decentralized Storage Network",
    url  = "https://filecoin.io/"
}

@online{metadatiCNR,
    author = {Pasquale Savino},
    title = "Corso Biblioteche Digitali",
    url  = "http://www.nmis.isti.cnr.it/savino/Dispensa/metadati.pdf"
}

@online{dublinCore,
    title = "Dublin Core Metadata Initiative",
    url  = "http://dublincore.org/"
}

@online{cidocCRM,
    title = "CIDOC CRM - Conceptual Reference Model",
    url  = "http://www.cidoc-crm.org/"
}

@online{tpcCarabinieri,
    title = "Modulo Object ID - Comando Carabinieri Tutela Patrimonio Culturale",
    url  = "http://tpcweb.carabinieri.it/SitoPubblico/objectId"
}

@online{truffleFramework,
    title = "Truffle Suite",
    url  = "https://truffleframework.com/"
}

@online{ganache,
    title = "Truffle Suite - Ganache",
    url  = "https://truffleframework.com/ganache"
}

@online{mocha,
    title = "Mocha - test framework",
    url  = "https://mochajs.org/"
}

@online{chai,
    title = "Chai - assertion library",
    url  = "https://www.chaijs.com/"
}

@online{geth,
    title = "Geth - Ethereum implementation",
    url  = "https://geth.ethereum.org/"
}

@online{metamask,
    title = "Metamask",
    url  = "https://metamask.io/"
}

@online{web3,
    title = "Web3.js",
    url  = "https://github.com/ethereum/web3.js/"
}

@online{solidityMapping,
    title = "Solidity - mapping",
    url  = "https://solidity.readthedocs.io/en/v0.4.21/types.html#mappings"
}

@online{openZeppelin,
    title = "Open Zeppelin",
    url  = "https://openzeppelin.org/"
}

@online{bootstrap,
    title = "Bootstrap Toolkit",
    url  = "https://getbootstrap.com/"
}

@online{infura,
    title = "Infura API",
    url  = "https://infura.io/"
}

@online{bulma,
    title = "Bulma CSS framework",
    url  = "https://bulma.io/"
}

@online{sass,
    title = "Sass - Syntactically awesome style sheets",
    url  = "https://sass-lang.com/"
}

@online{ropsten,
    title = "Ropsten - Ethereum Testnet",
    url  = "https://ropsten.etherscan.io/"
}



